@inproceedings{mihalcea2007using,
  title={Using Wikipedia for Automatic Word Sense Disambiguation.},
  author={Mihalcea, Rada},
  booktitle={HLT-NAACL},
  pages={196--203},
  year={2007}
}

@inproceedings{wordnet,
  title={WordNet: A Lexical Database for English.},
  author={Miller, George A.},
  year={1995}
}

@inproceedings{yarowsky1995unsupervised,
  title={Unsupervised word sense disambiguation rivaling supervised methods},
  author={Yarowsky, David},
  booktitle={Proceedings of the 33rd annual meeting on Association for Computational Linguistics},
  pages={189--196},
  year={1995},
  organization={Association for Computational Linguistics}
}
@article{le2008semi,
  title={Semi-supervised learning integrated with classifier combination for word sense disambiguation},
  author={Le, Anh-Cuong and Shimazu, Akira and Huynh, Van-Nam and Nguyen, Le-Minh},
  journal={Computer Speech \& Language},
  volume={22},
  number={4},
  pages={330--345},
  year={2008},
  publisher={Elsevier}
}
@article{navigli2009word,
  title={Word sense disambiguation: A survey},
  author={Navigli, Roberto},
  journal={ACM Computing Surveys (CSUR)},
  volume={41},
  number={2},
  pages={10},
  year={2009},
  publisher={ACM}
}
@inproceedings{mallery1988thinking,
  title={Thinking about foreign policy: Finding an appropriate role for artificially intelligent computers},
  author={Mallery, John C},
  booktitle={Master's thesis, MIT Political Science Department},
  year={1988},
  organization={Citeseer}
}
@book{manning1999foundations,
  title={Foundations of statistical natural language processing},
  author={Manning, Christopher D and Sch{\"u}tze, Hinrich},
  volume={999},
  year={1999},
  publisher={MIT Press}
}

@inproceedings{Sinha,
 author = {Sinha, Ravi and Mihalcea, Rada},
 title = {Unsupervised Graph-basedWord Sense Disambiguation Using Measures of Word Semantic Similarity},
 booktitle = {Proceedings of the International Conference on Semantic Computing},
 series = {ICSC '07},
 year = {2007},
 isbn = {0-7695-2997-6},
 pages = {363--369},
 numpages = {7},
 url = {http://dx.doi.org/10.1109/ICSC.2007.107},
 doi = {10.1109/ICSC.2007.107},
 acmid = {1306359},
 publisher = {IEEE Computer Society},
 address = {Washington, DC, USA},
} 

@INPROCEEDINGS{Ng,
author = {Hwee Tou Ng and Bin Wang and Yee Seng Chan},
title = {Exploiting Parallel Texts for Word Sense Disambiguation: An Empirical Study},
booktitle = {In Proceedings of ACL03},
year = {2003},
pages = {455--462}
}

@misc{navilgiblog,
author={Navigli, Roberto},
title={Lecture 7},
howpublished={\url{http://naviglinlp.blogspot.com}}
}

@inproceedings{wordneturl,
 title = {\url{http://wordnet.princeton.edu/wordnet/download/current-version/}}
} 

@inproceedings{WS4Jurl,
 title = {\url{https://code. google.com/p/ws4j/}}
} 

@inproceedings{semeval,
 title = {\url{http://www.senseval.org}}
} 