@inproceedings{mihalcea2007using,
  title={Using Wikipedia for Automatic Word Sense Disambiguation.},
  author={Mihalcea, Rada},
  booktitle={HLT-NAACL},
  pages={196--203},
  year={2007}
}

@inproceedings{wordnet,
  title={WordNet: A Lexical Database for English.},
  author={Miller, George A.},
  year={1995}
}

@inproceedings{yarowsky1995unsupervised,
  title={Unsupervised word sense disambiguation rivaling supervised methods},
  author={Yarowsky, David},
  booktitle={Proceedings of the 33rd annual meeting on Association for Computational Linguistics},
  pages={189--196},
  year={1995},
  organization={Association for Computational Linguistics}
}
@article{le2008semi,
  title={Semi-supervised learning integrated with classifier combination for word sense disambiguation},
  author={Le, Anh-Cuong and Shimazu, Akira and Huynh, Van-Nam and Nguyen, Le-Minh},
  journal={Computer Speech \& Language},
  volume={22},
  number={4},
  pages={330--345},
  year={2008},
  publisher={Elsevier}
}
@article{navigli2009word,
  title={Word sense disambiguation: A survey},
  author={Navigli, Roberto},
  journal={ACM Computing Surveys (CSUR)},
  volume={41},
  number={2},
  pages={10},
  year={2009},
  publisher={ACM}
}
@inproceedings{mallery1988thinking,
  title={Thinking about foreign policy: Finding an appropriate role for artificially intelligent computers},
  author={Mallery, John C},
  booktitle={Master's thesis, MIT Political Science Department},
  year={1988},
  organization={Citeseer}
}
@book{manning1999foundations,
  title={Foundations of statistical natural language processing},
  author={Manning, Christopher D and Sch{\"u}tze, Hinrich},
  volume={999},
  year={1999},
  publisher={MIT Press}
}